@article{epr,
  title = {Can Quantum-Mechanical Description of Physical Reality Be Considered Complete?},
  author = {Einstein, A. and Podolsky, B. and Rosen, N.},
  journal = {Phys. Rev.},
  volume = {47},
  issue = {10},
  pages = {777--780},
  numpages = {0},
  year = {1935},
  month = {May},
  publisher = {American Physical Society},
  doi = {10.1103/PhysRev.47.777},
  url = {https://link.aps.org/doi/10.1103/PhysRev.47.777}
}

@article{schrodinger_1935,
  title={Discussion of Probability Relations between Separated Systems},
  volume={31},
  DOI={10.1017/S0305004100013554},
  number={4},
  journal={Mathematical Proceedings of the Cambridge Philosophical Society},
  publisher={Cambridge University Press},
  author={Schrödinger, E.},
  year={1935},
  pages={555–563}
  }

@article{bell_1964,
  title = {On the Einstein Podolsky Rosen paradox},
  author = {Bell, J. S.},
  journal = {Physics Physique Fizika},
  volume = {1},
  issue = {3},
  pages = {195--200},
  numpages = {6},
  year = {1964},
  month = {Nov},
  publisher = {American Physical Society},
  doi = {10.1103/PhysicsPhysiqueFizika.1.195},
  url = {https://link.aps.org/doi/10.1103/PhysicsPhysiqueFizika.1.195}
}

@article{horodecki_2009_entanglement,
  title = {Quantum entanglement},
  author = {Horodecki, Ryszard and Horodecki, Pawe\l{} and Horodecki, Micha\l{} and Horodecki, Karol},
  journal = {Rev. Mod. Phys.},
  volume = {81},
  issue = {2},
  pages = {865--942},
  numpages = {0},
  year = {2009},
  month = {Jun},
  publisher = {American Physical Society},
  doi = {10.1103/RevModPhys.81.865},
  url = {https://link.aps.org/doi/10.1103/RevModPhys.81.865}
}

@article{bennett_1992_superdense,
  title = {Communication via one- and two-particle operators on Einstein-Podolsky-Rosen states},
  author = {Bennett, Charles H. and Wiesner, Stephen J.},
  journal = {Phys. Rev. Lett.},
  volume = {69},
  issue = {20},
  pages = {2881--2884},
  numpages = {0},
  year = {1992},
  month = {Nov},
  publisher = {American Physical Society},
  doi = {10.1103/PhysRevLett.69.2881},
  url = {https://link.aps.org/doi/10.1103/PhysRevLett.69.2881}
}

@article{bb84,
  title = {Quantum cryptography: Public key distribution and coin tossing},
  journal = {Theoretical Computer Science},
  volume = {560},
  pages = {7-11},
  year = {2014},
  note = {Theoretical Aspects of Quantum Cryptography – celebrating 30 years of BB84},
  issn = {0304-3975},
  doi = {https://doi.org/10.1016/j.tcs.2014.05.025},
  url = {https://www.sciencedirect.com/science/article/pii/S0304397514004241},
  author = {Charles H. Bennett and Gilles Brassard}
}

@article{bennett_1993_teleporting,
  title = {Teleporting an unknown quantum state via dual classical and Einstein-Podolsky-Rosen channels},
  author = {Bennett, Charles H. and Brassard, Gilles and Cr\'epeau, Claude and Jozsa, Richard and Peres, Asher and Wootters, William K.},
  journal = {Phys. Rev. Lett.},
  volume = {70},
  issue = {13},
  pages = {1895--1899},
  numpages = {0},
  year = {1993},
  month = {Mar},
  publisher = {American Physical Society},
  doi = {10.1103/PhysRevLett.70.1895},
  url = {https://link.aps.org/doi/10.1103/PhysRevLett.70.1895}
}

@article{hughston_1993_densitymatrix,
  title = {A complete classification of quantum ensembles having a given density matrix},
  journal = {Physics Letters A},
  volume = {183},
  number = {1},
  pages = {14-18},
  year = {1993},
  issn = {0375-9601},
  doi = {https://doi.org/10.1016/0375-9601(93)90880-9},
  url = {https://www.sciencedirect.com/science/article/pii/0375960193908809},
  author = {Lane P. Hughston and Richard Jozsa and William K. Wootters},
}

@article{terra_2007_singleparticle,
  author = {Cunha, Marcelo O. Terra  and Dunningham, Jacob A  and Vedral, Vlatko },
  title = {Entanglement in single-particle systems},
  journal = {Proceedings of the Royal Society A: Mathematical, Physical and Engineering Sciences},
  volume = {463},
  number = {2085},
  pages = {2277-2286},
  year = {2007},
  doi = {10.1098/rspa.2007.1887},
  URL = {https://royalsocietypublishing.org/doi/abs/10.1098/rspa.2007.1887}
}

@article{werner_1989,
  title = {Quantum states with Einstein-Podolsky-Rosen correlations admitting a hidden-variable model},
  author = {Werner, Reinhard F.},
  journal = {Phys. Rev. A},
  volume = {40},
  issue = {8},
  pages = {4277--4281},
  numpages = {0},
  year = {1989},
  month = {Oct},
  publisher = {American Physical Society},
  doi = {10.1103/PhysRevA.40.4277},
  url = {https://link.aps.org/doi/10.1103/PhysRevA.40.4277}
}

@article{plenio_2007_entanglementmeasures,
  author    = {Martin B. Plenio and Shashank Virmani},
  title     = {An introduction to entanglement measures},
  journal   = {Quantum Inf. Comput.},
  volume    = {7},
  number    = {1},
  pages     = {1--51},
  year      = {2007},
  url       = {https://doi.org/10.26421/QIC7.1-2-1},
  doi       = {10.26421/QIC7.1-2-1},
  timestamp = {Thu, 29 Apr 2021 18:05:34 +0200},
  biburl    = {https://dblp.org/rec/journals/qic/PlenioV07.bib},
  bibsource = {dblp computer science bibliography, https://dblp.org}
}

@article{terra_tese,
  author    = {Cunha, Marcelo O. Terra},
  title     = {Emaranhamento: caracterização, manipulação e consequências},
  journal   = {Universidade Federal de Minas Gerais},
  year      = {2005},
  url       = {http://hdl.handle.net/1843/ESCZ-6L6GNL}
}

@article{dagmar_2002_entanglement,
  author = {Bruß,Dagmar},
  title = {Characterizing entanglement},
  journal = {Journal of Mathematical Physics},
  volume = {43},
  number = {9},
  pages = {4237-4251},
  year = {2002},
  doi = {10.1063/1.1494474},
}

@article{nielsen_1999_majorization,
  title = {Conditions for a Class of Entanglement Transformations},
  author = {Nielsen, M. A.},
  journal = {Phys. Rev. Lett.},
  volume = {83},
  issue = {2},
  pages = {436--439},
  numpages = {0},
  year = {1999},
  month = {Jul},
  publisher = {American Physical Society},
  doi = {10.1103/PhysRevLett.83.436},
  url = {https://link.aps.org/doi/10.1103/PhysRevLett.83.436}
}

@article{terhal_2000_schmidtnumber,
  title = {Schmidt number for density matrices},
  author = {Terhal, Barbara M. and Horodecki, Pawe\l{}},
  journal = {Phys. Rev. A},
  volume = {61},
  issue = {4},
  pages = {040301},
  numpages = {4},
  year = {2000},
  month = {Mar},
  publisher = {American Physical Society},
  doi = {10.1103/PhysRevA.61.040301},
  url = {https://link.aps.org/doi/10.1103/PhysRevA.61.040301}
}

@article{peres_1996_ppt,
  title = {Separability Criterion for Density Matrices},
  author = {Peres, Asher},
  journal = {Phys. Rev. Lett.},
  volume = {77},
  issue = {8},
  pages = {1413--1415},
  numpages = {0},
  year = {1996},
  month = {Aug},
  publisher = {American Physical Society},
  doi = {10.1103/PhysRevLett.77.1413},
  url = {https://link.aps.org/doi/10.1103/PhysRevLett.77.1413}
}

@article{horodecki_1996_ppt,
  title = {Separability of mixed states: necessary and sufficient conditions},
  journal = {Physics Letters A},
  volume = {223},
  number = {1},
  pages = {1-8},
  year = {1996},
  issn = {0375-9601},
  doi = {https://doi.org/10.1016/S0375-9601(96)00706-2},
  url = {https://www.sciencedirect.com/science/article/pii/S0375960196007062},
  author = {Michał Horodecki and Paweł Horodecki and Ryszard Horodecki}
}

@article{wiseman_2007_steering,
  title = {Steering, Entanglement, Nonlocality, and the Einstein-Podolsky-Rosen Paradox},
  author = {Wiseman, H. M. and Jones, S. J. and Doherty, A. C.},
  journal = {Phys. Rev. Lett.},
  volume = {98},
  issue = {14},
  pages = {140402},
  numpages = {4},
  year = {2007},
  month = {Apr},
  publisher = {American Physical Society},
  doi = {10.1103/PhysRevLett.98.140402},
  url = {https://link.aps.org/doi/10.1103/PhysRevLett.98.140402}
}

@article{horodecki_1999_isotropic,
  title = {Reduction criterion of separability and limits for a class of distillation protocols},
  author = {Horodecki, Micha\l{} and Horodecki, Pawe\l{}},
  journal = {Phys. Rev. A},
  volume = {59},
  issue = {6},
  pages = {4206--4216},
  numpages = {0},
  year = {1999},
  month = {Jun},
  publisher = {American Physical Society},
  doi = {10.1103/PhysRevA.59.4206},
  url = {https://link.aps.org/doi/10.1103/PhysRevA.59.4206}
}

@misc{wood_2015_tensor,
      title={Tensor networks and graphical calculus for open quantum systems}, 
      author={Christopher J. Wood and Jacob D. Biamonte and David G. Cory},
      year={2015},
      eprint={1111.6950},
      archivePrefix={arXiv},
      primaryClass={quant-ph}
}

@article{jamiolkowski,
  title = {Linear transformations which preserve trace and positive semidefiniteness of operators},
  journal = {Reports on Mathematical Physics},
  volume = {3},
  number = {4},
  pages = {275-278},
  year = {1972},
  issn = {0034-4877},
  doi = {https://doi.org/10.1016/0034-4877(72)90011-0},
  url = {https://www.sciencedirect.com/science/article/pii/0034487772900110},
  author = {A. Jamiołkowski}
}

@article{jiang_2013_channelstate,
  title = {Channel-state duality},
  author = {Jiang, Min and Luo, Shunlong and Fu, Shuangshuang},
  journal = {Phys. Rev. A},
  volume = {87},
  issue = {2},
  pages = {022310},
  numpages = {8},
  year = {2013},
  month = {Feb},
  publisher = {American Physical Society},
  doi = {10.1103/PhysRevA.87.022310},
  url = {https://link.aps.org/doi/10.1103/PhysRevA.87.022310}
}

@article{uola_2020_steering,
  title = {Quantum steering},
  author = {Uola, Roope and Costa, Ana C. S. and Nguyen, H. Chau and G\"uhne, Otfried},
  journal = {Rev. Mod. Phys.},
  volume = {92},
  issue = {1},
  pages = {015001},
  numpages = {40},
  year = {2020},
  month = {Mar},
  publisher = {American Physical Society},
  doi = {10.1103/RevModPhys.92.015001},
  url = {https://link.aps.org/doi/10.1103/RevModPhys.92.015001}
}

@article{cavalcanti_2016_steering,
  doi = {10.1088/1361-6633/80/2/024001},
  url = {https://doi.org/10.1088/1361-6633/80/2/024001},
  year = 2016,
  month = {dec},
  publisher = {{IOP} Publishing},
  volume = {80},
  number = {2},
  pages = {024001},
  author = {D Cavalcanti and P Skrzypczyk},
  title = {Quantum steering: a review with focus on semidefinite programming},
  journal = {Reports on Progress in Physics}
}

@article{brunner_2014_nonlocality,
  title = {Bell nonlocality},
  author = {Brunner, Nicolas and Cavalcanti, Daniel and Pironio, Stefano and Scarani, Valerio and Wehner, Stephanie},
  journal = {Rev. Mod. Phys.},
  volume = {86},
  issue = {2},
  pages = {419--478},
  numpages = {60},
  year = {2014},
  month = {Apr},
  publisher = {American Physical Society},
  doi = {10.1103/RevModPhys.86.419},
  url = {https://link.aps.org/doi/10.1103/RevModPhys.86.419}
}

@article{heinosaari_2016_incompatible,
  doi = {10.1088/1751-8113/49/12/123001},
  url = {https://doi.org/10.1088/1751-8113/49/12/123001},
  year = 2016,
  month = {feb},
  publisher = {{IOP} Publishing},
  volume = {49},
  number = {12},
  pages = {123001},
  author = {Teiko Heinosaari and Takayuki Miyadera and M{\'{a}}rio Ziman},
  title = {An invitation to quantum incompatibility},
  journal = {Journal of Physics A: Mathematical and Theoretical}
}

@article{haapasalo_2012_measurementsmixing,
  title={Quantum measurements on finite dimensional systems: relabeling and mixing},
  author={Haapasalo, Erkka and Heinosaari, Teiko and Pellonp{\"a}{\"a}, Juha-Pekka},
  journal={Quantum Information Processing},
  volume={11},
  number={6},
  pages={1751--1763},
  year={2012},
  publisher={Springer}
}

@article{guerini_2017_measurementsimulability,
  author = {Guerini,Leonardo  and Bavaresco,Jessica  and Terra Cunha,Marcelo  and Acín,Antonio },
  title = {Operational framework for quantum measurement simulability},
  journal = {Journal of Mathematical Physics},
  volume = {58},
  number = {9},
  pages = {092102},
  year = {2017},
  doi = {10.1063/1.4994303}
}

@article{guerini_tese,
  author    = {Guerini, Leonardo},
  title     = {Simulating quantum measurements and quantum correlations},
  journal   = {Universidade Federal de Minas Gerais},
  year      = {2018},
  url       = {http://hdl.handle.net/1843/EABA-AVQEHA}
}

@article{oszmaniec_2017_simulating,
  title = {Simulating Positive-Operator-Valued Measures with Projective Measurements},
  author = {Oszmaniec, Micha\l{} and Guerini, Leonardo and Wittek, Peter and Ac\'{\i}n, Antonio},
  journal = {Phys. Rev. Lett.},
  volume = {119},
  issue = {19},
  pages = {190501},
  numpages = {6},
  year = {2017},
  month = {Nov},
  publisher = {American Physical Society},
  doi = {10.1103/PhysRevLett.119.190501},
  url = {https://link.aps.org/doi/10.1103/PhysRevLett.119.190501}
}

@article{bertlmann_2008_bloch,
  doi = {10.1088/1751-8113/41/23/235303},
  url = {https://doi.org/10.1088/1751-8113/41/23/235303},
  year = 2008,
  month = {may},
  publisher = {{IOP} Publishing},
  volume = {41},
  number = {23},
  pages = {235303},
  author = {Reinhold A Bertlmann and Philipp Krammer},
  title = {Bloch vectors for qudits},
  journal = {Journal of Physics A: Mathematical and Theoretical}
}

@article{kimura_2003_bloch,
  title = {The Bloch vector for N-level systems},
  journal = {Physics Letters A},
  volume = {314},
  number = {5},
  pages = {339-349},
  year = {2003},
  issn = {0375-9601},
  doi = {https://doi.org/10.1016/S0375-9601(03)00941-1},
  url = {https://www.sciencedirect.com/science/article/pii/S0375960103009411},
  author = {Gen Kimura}
}

@article{barrett_2002_povmslocality,
  title = {Nonsequential positive-operator-valued measurements on entangled mixed states do not always violate a Bell inequality},
  author = {Barrett, Jonathan},
  journal = {Phys. Rev. A},
  volume = {65},
  issue = {4},
  pages = {042302},
  numpages = {4},
  year = {2002},
  month = {Mar},
  publisher = {American Physical Society},
  doi = {10.1103/PhysRevA.65.042302},
  url = {https://link.aps.org/doi/10.1103/PhysRevA.65.042302}
}

@article{acin_2006_grothendieck,
  title = {Grothendieck's constant and local models for noisy entangled quantum states},
  author = {Ac\'{\i}n, Antonio and Gisin, Nicolas and Toner, Benjamin},
  journal = {Phys. Rev. A},
  volume = {73},
  issue = {6},
  pages = {062105},
  numpages = {5},
  year = {2006},
  month = {Jun},
  publisher = {American Physical Society},
  doi = {10.1103/PhysRevA.73.062105},
  url = {https://link.aps.org/doi/10.1103/PhysRevA.73.062105}
}

@article{vertesi_2008_moreefficient,
  title = {More efficient Bell inequalities for Werner states},
  author = {V\'ertesi, T.},
  journal = {Phys. Rev. A},
  volume = {78},
  issue = {3},
  pages = {032112},
  numpages = {6},
  year = {2008},
  month = {Sep},
  publisher = {American Physical Society},
  doi = {10.1103/PhysRevA.78.032112},
  url = {https://link.aps.org/doi/10.1103/PhysRevA.78.032112}
}

@article{hirsch_2017_betterlocalhidden,
  doi = {10.22331/q-2017-04-25-3},
  url = {https://doi.org/10.22331/q-2017-04-25-3},
  title = {Better local hidden variable models for two-qubit {W}erner states and an upper bound on the {G}rothendieck constant {$K_G(3)$}},
  author = {Hirsch, Flavien and Quintino, Marco T{\'{u}}lio and V{\'{e}}rtesi, Tam{\'{a}}s and Navascu{\'{e}}s, Miguel and Brunner, Nicolas},
  journal = {{Quantum}},
  issn = {2521-327X},
  publisher = {{Verein zur F{\"{o}}rderung des Open Access Publizierens in den Quantenwissenschaften}},
  volume = {1},
  pages = {3},
  month = apr,
  year = {2017}
}


@book{wilde_2013_book,
  place={Cambridge},
  title={Quantum Information Theory},
  DOI={10.1017/CBO9781139525343},
  publisher={Cambridge University Press},
  author={Wilde, Mark M.},
  year={2013}
}

@article{quintino_2016_incompatibilitybell,
  title = {Incompatible quantum measurements admitting a local-hidden-variable model},
  author = {Quintino, Marco T\'ulio and Bowles, Joseph and Hirsch, Flavien and Brunner, Nicolas},
  journal = {Phys. Rev. A},
  volume = {93},
  issue = {5},
  pages = {052115},
  numpages = {5},
  year = {2016},
  month = {May},
  publisher = {American Physical Society},
  doi = {10.1103/PhysRevA.93.052115},
  url = {https://link.aps.org/doi/10.1103/PhysRevA.93.052115}
}

@article{quintino_2018_incompatibilitybellgeneral,
  title = {Quantum measurement incompatibility does not imply Bell nonlocality},
  author = {Hirsch, Flavien and Quintino, Marco T\'ulio and Brunner, Nicolas},
  journal = {Phys. Rev. A},
  volume = {97},
  issue = {1},
  pages = {012129},
  numpages = {7},
  year = {2018},
  month = {Jan},
  publisher = {American Physical Society},
  doi = {10.1103/PhysRevA.97.012129},
  url = {https://link.aps.org/doi/10.1103/PhysRevA.97.012129}
}

@article{bene_2018_incompatibilitybell,
	doi = {10.1088/1367-2630/aa9ca3},
	url = {https://doi.org/10.1088/1367-2630/aa9ca3},
	year = 2018,
	month = {jan},
	publisher = {{IOP} Publishing},
	volume = {20},
	number = {1},
	pages = {013021},
	author = {Erika Bene and Tam{\'{a}}s V{\'{e}}rtesi},
	title = {Measurement incompatibility does not give rise to Bell violation in general},
	journal = {New Journal of Physics}
}

@article{quintino_2015_inequivalence,
  title = {Inequivalence of entanglement, steering, and Bell nonlocality for general measurements},
  author = {Quintino, Marco T\'ulio and V\'ertesi, Tam\'as and Cavalcanti, Daniel and Augusiak, Remigiusz and Demianowicz, Maciej and Ac\'{\i}n, Antonio and Brunner, Nicolas},
  journal = {Phys. Rev. A},
  volume = {92},
  issue = {3},
  pages = {032107},
  numpages = {6},
  year = {2015},
  month = {Sep},
  publisher = {American Physical Society},
  doi = {10.1103/PhysRevA.92.032107},
  url = {https://link.aps.org/doi/10.1103/PhysRevA.92.032107}
}
